%YAML 1.1
%TAG !u! tag:unity3d.com,2011:
--- !u!1 &9094399355795969338
GameObject:
  m_ObjectHideFlags: 0
  m_CorrespondingSourceObject: {fileID: 0}
  m_PrefabInstance: {fileID: 0}
  m_PrefabAsset: {fileID: 0}
  serializedVersion: 6
  m_Component:
  - component: {fileID: 671887248776267156}
  - component: {fileID: 425450907009640693}
  - component: {fileID: 6471276510016712277}
  - component: {fileID: 7114058631857620910}
  - component: {fileID: 199476043806270338}
  m_Layer: 0
  m_Name: Door_c
  m_TagString: D_close
  m_Icon: {fileID: 0}
  m_NavMeshLayer: 0
  m_StaticEditorFlags: 0
  m_IsActive: 1
--- !u!4 &671887248776267156
Transform:
  m_ObjectHideFlags: 0
  m_CorrespondingSourceObject: {fileID: 0}
  m_PrefabInstance: {fileID: 0}
  m_PrefabAsset: {fileID: 0}
  m_GameObject: {fileID: 9094399355795969338}
  m_LocalRotation: {x: 0, y: 1, z: 0, w: 0}
  m_LocalPosition: {x: 13, y: 0.5, z: 3}
  m_LocalScale: {x: 1, y: 0.05, z: 1}
  m_Children:
  - {fileID: 199476044725051473}
  m_Father: {fileID: 0}
  m_RootOrder: 0
  m_LocalEulerAnglesHint: {x: 0, y: 180, z: 0}
--- !u!33 &425450907009640693
MeshFilter:
  m_ObjectHideFlags: 0
  m_CorrespondingSourceObject: {fileID: 0}
  m_PrefabInstance: {fileID: 0}
  m_PrefabAsset: {fileID: 0}
  m_GameObject: {fileID: 9094399355795969338}
  m_Mesh: {fileID: 10202, guid: 0000000000000000e000000000000000, type: 0}
--- !u!23 &6471276510016712277
MeshRenderer:
  m_ObjectHideFlags: 0
  m_CorrespondingSourceObject: {fileID: 0}
  m_PrefabInstance: {fileID: 0}
  m_PrefabAsset: {fileID: 0}
  m_GameObject: {fileID: 9094399355795969338}
  m_Enabled: 1
  m_CastShadows: 1
  m_ReceiveShadows: 1
  m_DynamicOccludee: 1
  m_MotionVectors: 1
  m_LightProbeUsage: 1
  m_ReflectionProbeUsage: 1
  m_RenderingLayerMask: 1
  m_RendererPriority: 0
  m_Materials:
  - {fileID: 2100000, guid: 2b05ff84f12982742877bcf0412c5970, type: 2}
  m_StaticBatchInfo:
    firstSubMesh: 0
    subMeshCount: 0
  m_StaticBatchRoot: {fileID: 0}
  m_ProbeAnchor: {fileID: 0}
  m_LightProbeVolumeOverride: {fileID: 0}
  m_ScaleInLightmap: 1
  m_PreserveUVs: 0
  m_IgnoreNormalsForChartDetection: 0
  m_ImportantGI: 0
  m_StitchLightmapSeams: 0
  m_SelectedEditorRenderState: 3
  m_MinimumChartSize: 4
  m_AutoUVMaxDistance: 0.5
  m_AutoUVMaxAngle: 89
  m_LightmapParameters: {fileID: 0}
  m_SortingLayerID: 0
  m_SortingLayer: 0
  m_SortingOrder: 0
--- !u!65 &7114058631857620910
BoxCollider:
  m_ObjectHideFlags: 0
  m_CorrespondingSourceObject: {fileID: 0}
  m_PrefabInstance: {fileID: 0}
  m_PrefabAsset: {fileID: 0}
  m_GameObject: {fileID: 9094399355795969338}
  m_Material: {fileID: 0}
  m_IsTrigger: 1
  m_Enabled: 1
  serializedVersion: 2
  m_Size: {x: 1, y: 1, z: 1}
  m_Center: {x: 0, y: 0, z: 0}
--- !u!114 &199476043806270338
MonoBehaviour:
  m_ObjectHideFlags: 0
  m_CorrespondingSourceObject: {fileID: 0}
  m_PrefabInstance: {fileID: 0}
  m_PrefabAsset: {fileID: 0}
  m_GameObject: {fileID: 9094399355795969338}
  m_Enabled: 1
  m_EditorHideFlags: 0
  m_Script: {fileID: 11500000, guid: acc2ad4c86e9c4742a6059c7b78ff9bc, type: 3}
  m_Name: 
  m_EditorClassIdentifier: 
  UnityChan: {fileID: 0}
  hidden_bpanel: {fileID: 1886099571325807124, guid: b842b7eb76d79c748a886e387906a71e,
    type: 3}
  hidden_godes: {fileID: 5304418327114372355, guid: f5720a0d0a12fdd4d95ac30f8fff3628,
    type: 3}
  hidden_coke: {fileID: 5015694278869409709, guid: 7ebdf5bd958286e44aae3c690534568f,
    type: 3}
  hidden_rokuhachi: {fileID: 7415629101569850695, guid: 02816f62f5f16454bbcb39a7fcc34ac6,
    type: 3}
  hidden_nakagi: {fileID: 915778028732947000, guid: 21b62d009f7672241801351fd4196f74,
    type: 3}
  hidden_oyaji: {fileID: 6535138248795223900, guid: aec2a13e093d52f4aaf7b81e8eb9a0a4,
    type: 3}
  Door_o: {fileID: 199476044725051478}
  Canvas: {fileID: 0}
  Score: {fileID: 0}
  Door_c: {fileID: 9094399355795969338}
--- !u!1001 &7811798111695812371
PrefabInstance:
  m_ObjectHideFlags: 0
  serializedVersion: 2
  m_Modification:
    m_TransformParent: {fileID: 671887248776267156}
    m_Modifications:
    - target: {fileID: 7975235683914307397, guid: 1d38bb8e8f6c47a4eb9a94bd0736c1a8,
        type: 3}
      propertyPath: m_Name
      value: Door_o
      objectReference: {fileID: 0}
    - target: {fileID: 7975235683914307394, guid: 1d38bb8e8f6c47a4eb9a94bd0736c1a8,
        type: 3}
      propertyPath: m_LocalPosition.x
      value: 0
      objectReference: {fileID: 0}
    - target: {fileID: 7975235683914307394, guid: 1d38bb8e8f6c47a4eb9a94bd0736c1a8,
        type: 3}
      propertyPath: m_LocalPosition.y
      value: -1
      objectReference: {fileID: 0}
    - target: {fileID: 7975235683914307394, guid: 1d38bb8e8f6c47a4eb9a94bd0736c1a8,
        type: 3}
      propertyPath: m_LocalPosition.z
      value: 0
      objectReference: {fileID: 0}
    - target: {fileID: 7975235683914307394, guid: 1d38bb8e8f6c47a4eb9a94bd0736c1a8,
        type: 3}
      propertyPath: m_LocalRotation.x
      value: 0
      objectReference: {fileID: 0}
    - target: {fileID: 7975235683914307394, guid: 1d38bb8e8f6c47a4eb9a94bd0736c1a8,
        type: 3}
      propertyPath: m_LocalRotation.y
      value: 1
      objectReference: {fileID: 0}
    - target: {fileID: 7975235683914307394, guid: 1d38bb8e8f6c47a4eb9a94bd0736c1a8,
        type: 3}
      propertyPath: m_LocalRotation.z
      value: 0
      objectReference: {fileID: 0}
    - target: {fileID: 7975235683914307394, guid: 1d38bb8e8f6c47a4eb9a94bd0736c1a8,
        type: 3}
      propertyPath: m_LocalRotation.w
      value: 0
      objectReference: {fileID: 0}
    - target: {fileID: 7975235683914307394, guid: 1d38bb8e8f6c47a4eb9a94bd0736c1a8,
        type: 3}
      propertyPath: m_RootOrder
      value: 0
      objectReference: {fileID: 0}
    - target: {fileID: 7975235683914307394, guid: 1d38bb8e8f6c47a4eb9a94bd0736c1a8,
        type: 3}
      propertyPath: m_LocalEulerAnglesHint.x
      value: 0
      objectReference: {fileID: 0}
    - target: {fileID: 7975235683914307394, guid: 1d38bb8e8f6c47a4eb9a94bd0736c1a8,
        type: 3}
      propertyPath: m_LocalEulerAnglesHint.y
      value: 180
      objectReference: {fileID: 0}
    - target: {fileID: 7975235683914307394, guid: 1d38bb8e8f6c47a4eb9a94bd0736c1a8,
        type: 3}
      propertyPath: m_LocalEulerAnglesHint.z
      value: 0
      objectReference: {fileID: 0}
    m_RemovedComponents: []
  m_SourcePrefab: {fileID: 100100000, guid: 1d38bb8e8f6c47a4eb9a94bd0736c1a8, type: 3}
--- !u!1 &199476044725051478 stripped
GameObject:
  m_CorrespondingSourceObject: {fileID: 7975235683914307397, guid: 1d38bb8e8f6c47a4eb9a94bd0736c1a8,
    type: 3}
  m_PrefabInstance: {fileID: 7811798111695812371}
  m_PrefabAsset: {fileID: 0}
--- !u!4 &199476044725051473 stripped
Transform:
  m_CorrespondingSourceObject: {fileID: 7975235683914307394, guid: 1d38bb8e8f6c47a4eb9a94bd0736c1a8,
    type: 3}
  m_PrefabInstance: {fileID: 7811798111695812371}
  m_PrefabAsset: {fileID: 0}
